
@webpage{GanttSystemWeb,
  title = {GanttProject主页},
  author = {GanttProject开发组},
  publisher = {GanttProject开发组},
  year = {2020},
  month = {3},
  url = {https://www.ganttproject.biz},
  modifydate = {2020/3/25},
  citedate = {2020/3/25},
  language = {zh}
}

@book{Pohl2010Requirements,
  author    = {Klaus Pohl},
  title     = {Requirements Engineering - Fundamentals, Principles, and Techniques},
  publisher = {Springer},
  year      = {2010},
  url       = {https://link.springer.com/book/9783642125775},
  isbn      = {978-3-642-12577-5},
  timestamp = {Fri, 04 Feb 2011 11:23:26 +0100},
  biburl    = {https://dblp.org/rec/bib/books/daglib/0024869},
  bibsource = {dblp computer science bibliography, https://dblp.org}
}

@article{DBLP:journals/computer/EgyedZHD18,
  author    = {Alexander Egyed and
               Klaus Zeman and
               Peter Hehenberger and
               Andreas Demuth},
  title     = {Maintaining Consistency across Engineering Artifacts},
  journal   = {{IEEE} Computer},
  volume    = {51},
  number    = {2},
  pages     = {28--35},
  year      = {2018},
  url       = {https://doi.org/10.1109/MC.2018.1451666},
  doi       = {10.1109/MC.2018.1451666},
  timestamp = {Tue, 06 Mar 2018 17:05:11 +0100},
  biburl    = {https://dblp.org/rec/bib/journals/computer/EgyedZHD18},
  bibsource = {dblp computer science bibliography, https://dblp.org}
}

@article{gmy2022,
  author={郭梦影 and 孙振宇 and 朱妤晴 and 包云岗},
  title={基于超级参数调整的网络表示学习算法性能公平比较框架},
  journal={计算机学报},
  year={2022},
  volume={45},
  number={5},
  pages={897-917},
  month={5},
  language={zh}
}

@article{DBLP:journals/ml/TingZCZWZ19,
  author    = {Kai Ming Ting and
               Ye Zhu and
               Mark J. Carman and
               Yue Zhu and
               Takashi Washio and
               Zhi{-}Hua Zhou},
  title     = {Lowest probability mass neighbour algorithms: relaxing the metric
               constraint in distance-based neighbourhood algorithms},
  journal   = {Machine Learning},
  volume    = {108},
  number    = {2},
  pages     = {331--376},
  year      = {2019},
  url       = {https://doi.org/10.1007/s10994-018-5737-x},
  doi       = {10.1007/s10994-018-5737-x},
  timestamp = {Wed, 06 Mar 2019 08:18:15 +0100},
  biburl    = {https://dblp.org/rec/bib/journals/ml/TingZCZWZ19},
  bibsource = {dblp computer science bibliography, https://dblp.org}
}
